<?xml version="1.0" encoding="UTF-8"?><collection xmlns="http://www.loc.gov/MARC21/slim"><record><leader>00512nam--2200193-i-4500</leader><controlfield tag="001">000014683</controlfield><controlfield tag="002">20161230</controlfield><controlfield tag="005">20161230201030</controlfield><controlfield tag="008">060222s1000------------r-----000-0-rum-d</controlfield><datafield ind1=" " ind2=" " tag="040"><subfield code="a">IFIN-HH</subfield></datafield><datafield ind1=" " ind2=" " tag="041"><subfield code="a">rum</subfield></datafield><datafield ind1=" " ind2=" " tag="080"><subfield code="a">539.975:537.611.44</subfield></datafield><datafield ind1="1" ind2=" " tag="100"><subfield code="a">Bursuc, Ilie D</subfield></datafield><datafield ind1="1" ind2="0" tag="245"><subfield code="a">Paturi subtiri feromagnetice</subfield><subfield code="c">Ilie d. bursuc, maria p. suciu</subfield></datafield><datafield ind1=" " ind2=" " tag="260"><subfield code="a">Bucuresti</subfield><subfield code="b">Editura Academiei Rsr</subfield><subfield code="c">1969</subfield></datafield><datafield ind1=" " ind2=" " tag="300"><subfield code="a">330 P</subfield></datafield><datafield ind1="1" ind2=" " tag="700"><subfield code="a">Suciu, Maria P</subfield></datafield><datafield ind1=" " ind2=" " tag="852"><subfield code="a">30801</subfield><subfield code="c">539.23</subfield></datafield><datafield ind1=" " ind2=" " tag="CAT"><subfield code="a">Sys</subfield><subfield code="c">20121214</subfield><subfield code="h">145034</subfield></datafield></record></collection>